<record><leader>00000cas a22000007a 4500</leader><controlfield tag="001">21357845</controlfield><controlfield tag="008">900411d18681879mnuwr ne      0    0eng d</controlfield><datafield ind1=" " ind2=" " tag="010"><subfield code="a">sn 89081080 </subfield></datafield><datafield ind1=" " ind2=" " tag="040"><subfield code="a">MN#</subfield><subfield code="b">eng</subfield><subfield code="c">MN#</subfield><subfield code="d">OCLCQ</subfield><subfield code="d">OCLCF</subfield><subfield code="d">OCLCO</subfield></datafield><datafield ind1=" " ind2=" " tag="042"><subfield code="a">msc</subfield></datafield><datafield ind1=" " ind2=" " tag="043"><subfield code="a">n-us-mn</subfield></datafield><datafield ind1=" " ind2=" " tag="052"><subfield code="a">4144</subfield><subfield code="b">M3</subfield></datafield><datafield ind1=" " ind2=" " tag="052"><subfield code="a">4143</subfield><subfield code="b">B6</subfield></datafield><datafield ind1="0" ind2=" " tag="130"><subfield code="a">Mankato weekly union (Mankato, Minn. : 1868)</subfield></datafield><datafield ind1="1" ind2="4" tag="245"><subfield code="a">The Mankato weekly union.</subfield></datafield><datafield ind1="1" ind2="3" tag="246"><subfield code="a">Mankato union</subfield></datafield><datafield ind1=" " ind2=" " tag="260"><subfield code="a">Mankato, Blue Earth County, Minn. :</subfield><subfield code="b">William B. Griswold,</subfield><subfield code="c">1868-1879.</subfield></datafield><datafield ind1=" " ind2=" " tag="300"><subfield code="a">13 v.</subfield></datafield><datafield ind1=" " ind2=" " tag="310"><subfield code="a">Weekly</subfield></datafield><datafield ind1="0" ind2=" " tag="362"><subfield code="a">Vol. 11, no. 50 (June 19, 1868)-v. 23, no. 18 (Oct. 24, 1879).</subfield></datafield><datafield ind1=" " ind2=" " tag="530"><subfield code="a">Available on microfilm from the Minnesota Historical Society.</subfield></datafield><datafield ind1=" " ind2="0" tag="651"><subfield code="a">Mankato (Minn.)</subfield><subfield code="v">Newspapers.</subfield></datafield><datafield ind1=" " ind2="7" tag="655"><subfield code="a">Newspapers.</subfield><subfield code="2">fast</subfield><subfield code="0">(OCoLC)fst01423814</subfield></datafield><datafield ind1=" " ind2="7" tag="651"><subfield code="a">Minnesota</subfield><subfield code="z">Mankato.</subfield><subfield code="2">fast</subfield><subfield code="0">(OCoLC)fst01208513</subfield></datafield><datafield ind1=" " ind2=" " tag="752"><subfield code="a">United States</subfield><subfield code="b">Minnesota</subfield><subfield code="c">Blue Earth</subfield><subfield code="d">Mankato.</subfield></datafield><datafield ind1="0" ind2="0" tag="780"><subfield code="t">Mankato union</subfield><subfield code="w">(DLC)sn 83016593</subfield></datafield><datafield ind1="0" ind2="7" tag="785"><subfield code="t">Mankato record</subfield><subfield code="w">(DLC)sn 83025280</subfield></datafield><datafield ind1="0" ind2="7" tag="785"><subfield code="t">Mankato free press (Mankato, Minn. : 1879)</subfield><subfield code="w">(DLC)sn 83016589</subfield></datafield></record>